2111 3000
698 111 895 140 EPISTOLAE
914 110 1101 140 SELECTAE.
1140 111 1214 138 1233.
1719 108 1779 140 435

133 200 295 232 hereticos
327 199 532 243 predicantes
563 199 714 231 continue
746 199 880 231 verbum
914 200 1033 232 crucis,
1070 199 1216 230 subditos
1247 201 1391 234 vestros,
1424 200 1488 228 tam
1519 196 1653 227 elericos
1684 207 1778 238 quam

133 254 249 289 laicos,
283 253 404 284 crebris
429 252 660 283 monitionibus
687 256 718 282 et
743 252 864 283 sedulis
889 251 1168 283 oxhortatitmibus
1193 251 1369 282 efficaciter
1392 249 1567 283 inducatis,
1598 252 1633 279 ut
1658 249 1684 279 si
1708 248 1778 289 quis

134 304 197 335 Dei
227 308 292 337 est.
324 304 436 344 iungat
467 314 500 334 se
531 303 622 333 vobis
655 307 687 334 et
717 307 815 344 ponat
845 304 988 344 gladium
1013 314 1111 345 super
1134 304 1238 333 femur
1261 302 1301 332 ad
1325 300 1528 332 ulciscendas
1552 300 1616 331 Dei
1640 300 1778 330 viventis
1799 306 1865 326 Exud.
1885 308 1951 328 32:27-

134 356 267 386 iniurias
292 359 356 386 tam
381 359 518 388 atroces,
542 359 577 385 ut
594 355 771 386 auxiliante
790 355 929 386 Domino
955 356 1164 386 eliminentur
1188 354 1227 385 de
1252 354 1373 394 templo
1389 352 1504 394 perfidi
1530 355 1562 382 et
1585 351 1779 382 fermentum
1800 361 1816 378 ι,
1832 358 1879 376 eor.
1895 360 1934 379 m.

73 419 83 435 ⁵
136 407 278 437 heretice
303 407 470 448 pravitatis
495 407 534 437 de
564 417 670 436 massa
699 407 938 447 conspersionis
963 407 1134 437 Dominice
1166 405 1339 436 salubriter
1369 407 1585 446 expurgetur,
1620 403 1665 433 ita
1696 402 1780 444 quod

134 459 293 499 premisse
318 458 519 499 indulgentie
543 458 718 499 participes
743 468 816 488 esse
841 459 966 499 possint
992 462 1023 489 et
1054 459 1085 488 in
1111 457 1324 489 retributione
1350 456 1505 486 iustorum
1531 455 1644 486 salutis
1670 458 1780 485 eterne

135 513 375 550 consequantur
398 514 617 550 augmentum.

242 569 316 600 Dat.
340 569 492 601 Lateran.
516 569 631 600 XVIII
655 569 725 600 Kal.
752 568 836 603 Iulii,
861 579 944 599 anno
970 570 1120 610 septima

930 680 990 710 III.

240 743 469 785 Friderico,
499 743 656 777 illustri
685 742 977 778 Romanorum
1006 744 1254 787 imperatori
1285 753 1453 787 semper
1481 744 1679 786 augusto.

63 825 85 842 1„
658 803 889 838 Ierusalem
920 806 960 837 et
988 803 1132 838 Sicilie
1162 804 1258 847 regi.

222 876 295 906 Vox
332 876 362 906 in
398 876 500 907 Rama
537 880 597 907 ete.
633 880 667 907 ut
700 888 796 918 supra
830 888 947 917 usque:
986 877 1016 906 in
1050 877 1150 907 Terre
1188 878 1305 907 Sancte
1340 877 1520 907 subsidium
1555 875 1784 907 conceduntur.

135 928 278 969 Ideoque
303 928 503 969 imperialem
521 929 749 958 excellentiam
774 929 952 959 affectuose
977 939 1128 969 rogamus
1153 933 1185 959 et
1209 940 1227 959 a
1251 932 1281 959 te
1307 929 1466 959 instanter
1483 928 1701 970 exposcimus,
1726 927 1782 957 ob-

137 984 301 1010 secrantes
336 990 392 1021 per
416 980 545 1010 I‘atrem
576 984 607 1010 et
632 980 749 1010 Filium
782 984 814 1010 et
847 981 1002 1021 Spiritum
1037 985 1182 1010 sam-tum
1217 984 1249 1010 et.
1278 991 1335 1021 per
1366 980 1588 1021 aspersionem
1617 978 1784 1019 sanguinis

138 1031 306 1067 Crucifixi,
337 1036 387 1065 nt,
420 1032 502 1062 sieut
534 1032 674 1072 reputari
707 1032 797 1073 cupis
823 1035 855 1062 et
881 1032 992 1062 haberi
1017 1032 1139 1064 fidelis,
1173 1032 1204 1061 in
1229 1031 1418 1062 defensione
1444 1031 1518 1061 fidei
1543 1034 1575 1061 ct
1598 1029 1786 1060 ulciscenda

63 1098 84 1114 ιτ.
138 1087 227 1114 tanta
251 1084 366 1113 iniuria
390 1082 464 1113 Iesu
490 1083 628 1114 Christi.
654 1084 705 1124 qui
731 1095 787 1124 pro
816 1087 846 1114 te
872 1084 938 1124 pati
963 1084 1063 1113 voluit
1088 1088 1120 1114 et
1144 1084 1260 1117 oeeidi.
1286 1095 1349 1114 non
1374 1083 1514 1114 dormias
1538 1094 1597 1114 nee
1622 1082 1785 1115 dormites,

137 1138 186 1166 set
221 1146 383 1176 exurgens
420 1134 459 1165 ad
493 1136 735 1165 internitionem
771 1136 910 1165 nationis
948 1147 1044 1177 pras-e
1079 1140 1175 1177 atque
1213 1147 1379 1177 perverse,
1414 1147 1475 1176 que
1507 1135 1617 1165 multis
1653 1134 1786 1164 insultat

137 1186 318 1228 opprobriis
351 1186 423 1217 Deo
452 1187 590 1223 viventi,
626 1187 786 1217 universis
819 1192 849 1217 et
881 1188 1017 1227 singulis
1048 1188 1249 1229 principibus
1282 1192 1313 1218 et
1347 1187 1419 1217 aliis
1452 1186 1602 1217 fidelibus
1635 1186 1698 1216 tuis
1728 1196 1786 1227 per

138 1238 341 1268 Alamaniam
366 1238 549 1268 constitutis
574 1242 638 1268 tam
663 1239 826 1268 ferventer
851 1238 972 1268 scribas
998 1243 1029 1268 et
1053 1239 1215 1280 precipias
1241 1242 1305 1268 tam
1330 1238 1492 1273 ardenter„
1517 1241 1552 1268 ut
1576 1238 1602 1267 si
1627 1238 1697 1278 quis
1722 1237 1785 1268 Dei
1806 1247 1957 1268 Ex·›‹1⁴32‚·.¹7.

138 1293 202 1325 est,
239 1292 338 1331 ponat
372 1289 516 1330 gladium
553 1301 650 1331 super
685 1290 789 1320 femur
824 1290 863 1319 ad
895 1291 1088 1320 fermentum
1122 1290 1266 1321 heretice
1299 1290 1467 1331 pravitatis
1500 1289 1538 1319 de
1570 1299 1677 1319 massa
1708 1299 1940 1320 ‹3011-1.‹¹·›r.f..7v

63 1354 86 1370 κω
139 1341 316 1382 spersionis
348 1340 519 1371 Dominice
553 1341 726 1371 salubriter
758 1341 1019 1382 expurgandum.
1052 1342 1137 1383 quod
1170 1343 1237 1373 veri
1262 1342 1324 1372 Dei
1358 1342 1513 1372 cultorem
1546 1344 1577 1371 et
1610 1341 1784 1371 zelatorem

139 1393 297 1424 catholice
328 1392 401 1422 fidei
431 1396 462 1423 te
492 1393 654 1423 ostendas.
701 1393 815 1423 Nonne
850 1393 955 1423 illatas
988 1393 1045 1423 tibi
1072 1394 1212 1423 offensas
1238 1397 1270 1423 et
1295 1393 1357 1423 tuis
1382 1393 1566 1425 ulcisceris,
1598 1396 1629 1423 ct
1653 1392 1714 1422 Dei
1739 1392 1786 1422 tui

139 1444 317 1475 sustinebis
342 1444 475 1474 iniurias
500 1448 564 1474 tam
588 1448 714 1475 atroces
727 1449 738 1474 ’ί
786 1444 900 1475 Nonne
926 1444 964 1474 ad
988 1444 1188 1475 hereditates
1214 1448 1341 1475 tuorum
1366 1455 1495 1474 manum
1521 1444 1705 1474 invasorum
1731 1454 1787 1473 ex-

140 1496 228 1527 tendi
263 1507 327 1527 non
363 1497 500 1537 pateris,
537 1500 569 1526 et
604 1496 817 1527 hereditatem
853 1496 991 1533 vlu-isti,
1030 1497 1182 1538 populum
1220 1496 1372 1527 videlieet
1407 1506 1502 1537 quenl
1537 1495 1693 1536 sanguine
1731 1505 1788 1525 suo

140 1547 287 1580 redemit,
313 1548 416 1577 teneri
435 1548 595 1589 captivum
614 1558 632 1577 a
649 1548 777 1578 diabolo
796 1548 928 1589 patieris
941 1552 953 1577 ζ’
1000 1548 1129 1588 Pungat
1155 1559 1209 1578 cor
1233 1552 1322 1579 tuum
1347 1549 1391 1578 tui
1410 1547 1606 1578 contumelia
1624 1547 1788 1583 creatoris,

141 1598 297 1630 accendat
320 1601 351 1629 te
376 1599 464 1628 zelus
487 1598 563 1629 fidei
589 1599 787 1630 (¹liristiane.
822 1603 855 1628 ut
888 1600 933 1629 sic
964 1603 1076 1629 ‹,·ontra
1111 1600 1254 1640 [maffatos
1279 1600 1439 1630 hereticos
1469 1598 1674 1634 accendaris,
1707 1597 1791 1638 quod

140 1650 297 1691 premisse
331 1649 530 1690 indulgentie
562 1650 725 1691 particeps
761 1662 833 1679 esse
867 1651 985 1691 possis,
1023 1654 1055 1680 et
1093 1662 1150 1681 nos
1187 1651 1217 1681 in
1254 1651 1317 1681 tuis
1348 1651 1497 1680 laudibus
1528 1650 1724 1690 gloriantes„
1760 1651 1791 1678 te

141 1701 304 1731 fructuose
328 1711 485 1742 ponamus
511 1701 679 1742 exemplar
703 1705 777 1731 ante
802 1702 918 1732 faeiem
944 1702 1091 1732 aliorum.

228 1760 301 1791 Dat.
326 1760 489 1799 Laterani,
514 1760 563 1790 III
588 1760 665 1791 Idus
690 1760 784 1797 Iunii„
810 1772 893 1792 anuo
919 1762 1066 1803 septimo.

941 1873 998 1904 IV.

258 1935 397 1969 Nobili
425 1935 518 1969 viro
547 1935 750 1975 Henrico,
780 1938 882 1970 nato
913 1935 1126 1971 carissimi
1155 1935 1195 1969 iu
1230 1935 1400 1969 Christo
1430 1934 1507 1968 tilii
1540 1934 1675 1968 nostri

68 2016 92 2033 31»
188 1995 425 2037 Frederici,
455 1995 747 2030 Romanorum
776 1996 1059 2040 imperitum-is
1090 2006 1262 2039 semper
1289 1995 1482 2040 augusti,
1511 1994 1750 2028 Ierusalem

674 2059 714 2090 et
742 2056 885 2090 Sicilie
914 2056 1029 2100 regis
1058 2056 1257 2090 illustris.

252 2129 326 2160 Vox
360 2130 392 2160 in
423 2129 525 2160 Rama
555 2134 615 2160 etc.
646 2134 681 2160 ut
716 2141 813 2171 supra
848 2141 966 2171 usque:
1002 2130 1233 2161 conceduntur.
1288 2129 1431 2170 Ideoque
1468 2129 1672 2159 nobilitatem
1707 2130 1792 2157 tuam

145 2181 322 2211 affectuose
347 2191 498 2221 rogamus
524 2185 555 2211 et
583 2192 601 2211 a
630 2184 660 2211 te
691 2182 850 2212 instanter
880 2182 1105 2223 exposcimus.
1140 2181 1349 2211 obsecrantes
1382 2191 1439 2221 per
1463 2180 1593 2210 Patrem
1619 2183 1651 2210 et
1675 2179 1793 2209 Filium

147 2236 179 2263 et
203 2232 359 2273 Spiritum
384 2236 528 2262 sanetum
554 2236 585 2263 et
610 2243 666 2274 per
690 2233 912 2274 aspersionem
938 2233 1103 2274 sanguinis
1129 2232 1283 2263 Crucifixi
1307 2236 1367 2262 etc.
1393 2242 1510 2272 usque:
1543 2242 1602 2261 nec
1627 2230 1792 2261 dormites.

70 2302 93 2319 ³5.
146 2284 345 2324 Accingere,
376 2284 437 2320 fili,
467 2284 575 2324 gladio
600 2288 654 2314 tuo
680 2285 764 2315 eirea
789 2285 892 2315 femur
915 2285 1156 2326 potentissime„
1185 2284 1318 2325 arripiat
1343 2283 1497 2313 iudicium
1521 2293 1635 2313 manus
1660 2285 1730 2319 tua,
1762 2285 1794 2312 et

146 2335 178 2365 in
210 2339 370 2377 potestate
405 2335 463 2365 tibi
494 2335 611 2366 tradita
640 2340 772 2367 contere
810 2337 967 2367 inimicos.
1015 2336 1148 2376 Exurge
1180 2335 1220 2366 ad
1251 2335 1492 2366 internitionem
1524 2334 1664 2365 nationis
1695 2344 1792 2376 prave

146 2390 242 2427 atque
266 2398 434 2429 perverse,
466 2398 528 2428 que
552 2388 661 2418 multis
685 2388 818 2418 insultat
841 2388 1024 2429 opprobriis
1052 2387 1123 2418 Deo
1155 2387 1285 2417 viventi.
1331 2386 1447 2417 Nonne
1478 2386 1585 2416 illatas
1609 2385 1667 2416 tibi
1692 2386 1794 2416 offen-

147 2449 200 2469 sas
226 2442 285 2469 ete.
310 2449 426 2479 usque:
451 2442 486 2469 ut
510 2439 555 2469 sie
580 2442 691 2469 eontra
715 2439 857 2480 prefatos
884 2439 1046 2469 hereticos
1070 2439 1102 2468 in
1127 2438 1201 2469 forti
1229 2449 1324 2468 manu
1349 2441 1380 2468 et
1403 2437 1535 2468 brachio
1561 2440 1694 2467 extento
1719 2446 1793 2477 pro-

148 2489 260 2525 cedas,
285 2490 369 2530 quod
394 2490 551 2531 premisse
575 2489 775 2531 indulgentie
800 2491 965 2531 particeps
991 2500 1063 2520 esse
1088 2489 1212 2530 possis,
1237 2493 1270 2520 et
1294 2499 1352 2519 nos
1377 2489 1409 2518 in
1433 2489 1496 2519 tuis
1521 2488 1670 2519 laudibus
1695 2487 1793 2528 glori-

73 2561 97 2577 4.,
149 2545 252 2576 antes,
276 2542 470 2572 sinceritatis
495 2546 549 2573 tue
574 2542 679 2572 zelum
703 2542 865 2583 possimus
890 2542 922 2571 in
946 2541 1086 2571 Domino
1110 2541 1224 2572 merito
1250 2539 1488 2571 commendare.

257 2601 343 2631 Data
366 2605 400 2631 ut
424 2612 531 2642 supra.

1540 2780 1591 2805 55*
