2111 3000
874 120 1085 145 PRAEFATIO.
1728 122 1802 147 XVII

154 213 328 243 diocesano
354 211 538 252 suscipietis
563 212 728 254 episcopo.
754 214 911 255 siquidem
937 215 1115 246 catholicus
1141 216 1236 246 fuerit
1262 220 1293 246 et
1318 216 1454 256 gratiam
1481 220 1511 246 et
1538 217 1796 247 c‹nnniunionein

155 268 359 295 sacrosancte
378 263 523 294 Romane
549 263 636 294 sedis
662 264 811 296 habuerit
835 270 866 296 et
891 278 929 297 ea
946 267 1038 297 vobis
1057 267 1195 298 voluerit
1221 268 1289 298 sine
1315 268 1475 308 pravitate
1501 267 1609 308 aliqua
1633 268 1800 299 exhibere.

156 315 310 356 Alioquin
335 315 433 345 liceat
457 314 549 345 vobis
584 326 808 357 quemcunque
841 319 1020 348 malueritis
1055 319 1248 349 catholicum
1274 318 1363 349 adire
1389 319 1584 350 antistitem.
1608 320 1744 359 gratiam
1770 323 1801 350 et

155 367 414 399 communionem
449 367 628 408 apostolice
664 367 751 398 sedis
787 369 975 400 habentem.
1012 371 1064 410 qui
1100 374 1210 400 nostra
1245 370 1346 401 fretus
1375 369 1569 400 auctorit-ate
1594 370 1686 401 vobis
1716 370 1800 411 quod

156 419 340 461 postulatur
363 417 539 459 impendat.

265 480 314 510 30.
350 478 385 508 In
410 478 664 520 parrochialibus
682 489 757 509 vero
783 480 940 517 ecelesiis,
968 492 1047 521 quas
1073 481 1212 514 habetis,
1238 481 1334 512 liceat
1351 481 1442 511 vobis
1469 480 1654 511 sacerdotes
1680 481 1803 522 eligere

157 535 188 562 et
213 531 385 561 diocesano
411 531 563 572 episcopo
589 534 789 572 presentare,
813 531 928 572 quibus
954 533 979 562 si
1005 532 1111 563 idonei
1137 534 1264 564 fuerint.
1290 533 1463 574 episcopus
1489 532 1667 563 animarum
1694 543 1801 563 curam

156 583 344 619 committat.
370 586 404 612 ut
427 581 457 612 ei
480 581 520 612 de
545 581 778 622 spiritualibus.
805 582 895 613 vobis
919 588 1027 614 autem
1052 584 1091 615 dc
1117 584 1351 626 temporalibus
1376 584 1517 615 debeant
1542 583 1750 625 respondere.

264 643 314 673 31.
350 641 463 672 Liceat
478 651 606 682 quoque
625 641 715 672 vobis
740 642 876 673 clericos
895 644 945 674 vel
965 645 1062 675 laicos
1087 645 1207 675 liberos
1232 648 1265 675 et
1288 644 1457 675 absolutos
1474 655 1493 675 a
1510 644 1622 675 seculo
1640 644 1803 685 fugientes

159 693 198 725 ad
223 693 468 724 conversionem
493 693 638 735 recipere
664 697 695 724 et
720 704 776 724 eos
801 694 924 736 absque
949 695 1205 727 contradictione
1231 696 1338 737 aliqua
1363 696 1514 727 retinere.

264 754 313 784 32.
349 752 565 783 Prohibemus
602 753 749 794 insuperq
786 758 818 784 ut
855 755 933 784 nulli
970 756 1103 786 fratrum
1134 760 1313 787 vestrorum
1348 759 1421 797 post
1452 756 1568 785 factam
1602 755 1632 785 in
1664 755 1803 786 ecelesia

154 808 261 836 vestra
296 804 532 846 professionem
570 804 618 834 sas
654 805 694 835 sit
731 805 853 846 absque
892 807 1046 848 prepositi
1088 808 1136 838 sui
1178 808 1308 838 lieentia
1345 807 1405 837 nisi
1441 806 1588 837 arctioris
1634 807 1799 847 religionis

155 858 289 888 obtentu
318 855 358 887 de
387 855 501 887 eodem
538 857 607 887 loeo
637 856 821 888 discedere:
854 857 1076 889 discedentem
1110 870 1185 889 vero
1216 860 1338 900 absque
1369 859 1586 890 connuunium
1620 859 1801 889 litterarum

155 912 334 940 vestrarum
361 909 509 939 cautione
538 908 644 939 nullus
671 908 788 940 audeat
819 910 971 942 retinere:
1007 909 1085 940 illud
1111 909 1290 941 districtius
1318 910 1519 944 inhibentes.
1552 921 1591 941 ne
1616 914 1718 941 terras
1745 921 1801 941 seu

154 959 320 1002 quodlibet
350 959 540 991 beneficium
572 961 711 991 ecclesie
737 965 842 991 vestre
874 962 1024 992 collatum
1055 962 1149 993 liceat
1181 963 1276 992 alicui
1306 963 1523 1003 personaliter
1547 961 1614 992 dari
1647 962 1714 992 sive
1739 962 1802 992 alio

155 1011 248 1043 modo
277 1012 412 1042 alienari
441 1012 564 1053 absque
594 1023 755 1043 consensu
786 1013 884 1043 totius
909 1013 1040 1055 capituli
1073 1013 1122 1044 vel
1148 1014 1277 1044 maioris
1302 1018 1357 1044 aut
1388 1013 1524 1044 sanioris
1560 1013 1658 1054 partis
1691 1013 1803 1054 ipsius.

155 1063 189 1094 Si
221 1073 283 1104 que
315 1062 504 1094 donationes
533 1067 587 1094 aut
619 1064 833 1095 alienationes
860 1065 954 1095 aliter
984 1076 1079 1106 quam
1106 1065 1222 1095 dictum
1254 1069 1303 1095 est
1332 1065 1414 1095 facte
1440 1065 1573 1098 fuerint,
1611 1075 1665 1095 eas
1698 1064 1803 1095 irritas

155 1125 337 1147 censemus.

263 1176 313 1206 33.
350 1174 557 1217 Sepulturam
583 1187 709 1217 qnoque
736 1177 836 1218 ipsius
862 1177 920 1207 loci
947 1177 1080 1207 liberam
1106 1188 1179 1207 esse
1206 1176 1427 1207 decernimus.
1452 1181 1486 1206 ut
1511 1186 1621 1206 eorum
1639 1175 1803 1206 devotioni

155 1232 187 1259 et
211 1232 357 1258 extreme
383 1228 554 1260 voluntati.
582 1229 634 1269 qni
661 1241 694 1257 se
721 1229 784 1259 illic
810 1229 938 1270 sepeliri
965 1228 1233 1259 deliberaverint.
1260 1228 1317 1257 nisi
1347 1228 1429 1258 forte
1455 1227 1726 1258 exeommunicati
1753 1227 1803 1257 vel

155 1278 318 1310 interdicti
355 1279 433 1313 sint,
471 1280 577 1310 nullus
614 1280 764 1313 obsistat.
802 1280 891 1310 salva
924 1285 1031 1310 tamen
1069 1280 1190 1310 iustitia
1223 1279 1347 1309 illarum
1380 1279 1606 1314 ecelesiarum,
1641 1288 1659 1308 a
1688 1277 1804 1319 quibus

157 1333 355 1361 mortuorum
381 1341 517 1372 corpora
541 1335 758 1362 assumuntur.

262 1392 310 1421 34.
347 1390 499 1421 Obeunte
525 1402 600 1422 vero
626 1395 656 1422 tc
683 1402 765 1421 nune
790 1391 936 1421 eiusdem
970 1392 1028 1420 loci
1056 1391 1220 1432 preposito
1249 1390 1392 1432 labbate}
1421 1390 1469 1421 vel
1506 1394 1632 1420 tuorum
1659 1389 1804 1431 quolibet

155 1452 392 1478 successorum.
430 1443 535 1473 nullus
572 1442 613 1473 ibi
647 1442 791 1483 qualibet
822 1443 1042 1484 subreptionis
1073 1443 1191 1472 astutia
1225 1453 1281 1472 seu
1315 1441 1467 1472 violentia
1503 1444 1715 1482 preponatur.
1741 1442 1802 1472 nisi

155 1504 248 1534 quem
274 1493 390 1524 fratres
416 1494 577 1524 communi
602 1505 763 1524 consensu
791 1495 839 1524 vel
865 1495 996 1525 fratrum
1023 1506 1096 1536 pars
1121 1494 1247 1524 consilii
1274 1494 1411 1524 sanioris
1437 1492 1614 1523 seeundum
1642 1492 1746 1523 Deum
1773 1497 1805 1524 et

156 1545 243 1577 beati
269 1570 300 1576 ..
325 1546 469 1586 regulam
495 1546 692 1587 providerint
717 1545 914 1586 eligendum.

265 1606 314 1635 35.
350 1605 425 1636 Paci
451 1616 578 1647 quoque
603 1610 634 1636 et
659 1606 882 1647 tranquillitati
911 1613 1016 1635 vestre
1044 1614 1174 1646 paterna
1203 1606 1231 1635 in
1260 1609 1424 1646 posterum
1451 1602 1670 1634 sollicitudine
1699 1604 1804 1644 provi-

157 1657 234 1689 dere
269 1658 429 1689 volentes.
466 1659 658 1688 auctoritate
698 1659 877 1699 apostoliea
915 1658 1138 1699 prohibemus.
1174 1663 1206 1687 nt
1248 1657 1327 1686 infra
1364 1657 1530 1686 clausuras
1568 1656 1709 1685 locorum
1747 1665 1803 1685 seu

157 1709 363 1750 grangiarum
390 1712 568 1740 vestrarum
595 1710 702 1740 nullus
729 1710 871 1751 rapinam
899 1720 954 1739 seu
981 1711 1098 1739 furtum
1124 1710 1243 1739 faeere.
1274 1709 1380 1749 ignem
1407 1718 1587 1749 apponere.
1613 1706 1803 1747 sanguinem

159 1760 305 1794 fundere,
330 1761 494 1791 hominem
519 1766 641 1792 temere
668 1772 783 1803 capere
811 1762 859 1791 vel
886 1762 1069 1791 interlicere
1096 1771 1152 1790 seu
1179 1759 1364 1790 violentiam
1390 1758 1508 1789 audeat
1533 1768 1700 1789 exercere.

266 1823 315 1851 36.
351 1820 565 1852 Dee-eruimus
605 1833 697 1862 ergo.
738 1827 769 1852 nt
811 1823 889 1852 nulli
927 1823 1056 1852 omnino
1097 1822 1260 1851 hominum
1303 1821 1398 1850 liceat
1438 1820 1594 1860 prefatam
1635 1819 1803 1849 eeclesiam

160 1871 417 1914 [monasterium]
445 1876 568 1904 temere
603 1874 791 1914 perturbare
824 1879 877 1904 aut
909 1874 978 1903 eins
1011 1873 1236 1914 possessiones
1267 1872 1395 1902 auferre
1422 1871 1470 1901 vel
1501 1870 1626 1901 ablatas
1653 1870 1803 1901 retinere.

159 1924 305 1955 minuere
343 1934 399 1954 seu
440 1923 641 1965 quibuslibet
681 1925 907 1955 vexationibus
951 1925 1102 1965 fatigare,
1151 1928 1199 1954 set
1243 1923 1346 1953 omnia
1392 1923 1517 1963 integra
1563 1924 1804 1952 conserventur,

158 1986 285 2009 eorum,
316 1986 372 2017 pro
398 1986 531 2016 quorum
558 1976 792 2017 gubernatiom·
819 1980 849 2007 et
880 1976 1115 2006 sustentatione
1152 1986 1306 2005 concessa
1339 1978 1433 2005 sunt,
1467 1973 1577 2003 usibus
1611 1971 1803 2003 omnimodis

159 2027 335 2069 profutura.
362 2027 450 2058 salva
475 2027 506 2058 in
532 2028 681 2058 omuibus
707 2027 793 2058 sedis
818 2027 996 2069 aposttnice
1015 2027 1209 2057 alletoritate
1234 2025 1279 2066 let
1299 2025 1463 2055 diocesani
1488 2024 1630 2066 episcopi
1650 2024 1805 2054 canoniea

159 2078 303 2120 iustitia].

267 2140 316 2170 37.
349 2139 383 2169 Si
409 2149 471 2180 qua
496 2140 594 2180 igitur
618 2141 648 2170 in
674 2141 814 2170 futurum
841 2139 1063 2169 ecclesiastica
1091 2138 1288 2168 secularisve
1315 2146 1462 2178 persona.
1490 2136 1570 2165 hanc
1596 2138 1704 2165 nostre
1729 2145 1803 2165 eon-

160 2191 336 2221 stitutionis
371 2191 522 2232 paginam
557 2192 678 2223 sciens.
712 2196 820 2221 contra
857 2201 927 2221 eam
959 2195 1081 2221 temere
1107 2189 1216 2220 venire
1250 2188 1471 2229 temptaverit,
1497 2186 1640 2217 seeundo
1666 2186 1804 2217 tertiove

159 2243 368 2274 commonita.
402 2242 463 2273 nisi
497 2248 620 2273 reatum
646 2253 739 2273 suum
765 2253 907 2283 congrua
932 2241 1155 2272 satisfactione
1181 2239 1377 2271 eorrexerit,
1410 2239 1583 2280 potcstatis
1609 2238 1804 2278 honorisque

159 2294 208 2325 sui
233 2298 342 2325 careat
365 2293 522 2334 dignitate
547 2305 699 2335 reamque
725 2307 759 2325 se
785 2294 893 2324 divino
920 2293 1037 2324 iudicio
1063 2292 1209 2323 existere
1227 2290 1266 2321 de
1293 2293 1479 2332 perpetrata
1497 2289 1665 2330 iniquitate
1685 2299 1803 2330 eogno-

160 2349 243 2377 scat.
280 2350 312 2376 et
339 2357 358 2376 a
389 2346 606 2376 saeratissimo
643 2357 777 2388 corpore
816 2354 845 2376 et
883 2345 1040 2386 sanguine
1065 2344 1116 2374 ‹lei
1148 2348 1179 2373 et
1211 2343 1330 2373 domini
1363 2341 1577 2383 redemptoris
1604 2341 1702 2371 nostri
1730 2340 1804 2371 [esu

161 2396 279 2428 Christi
305 2397 412 2427 aliena
436 2397 490 2428 fiat
513 2401 610 2438 atque
635 2398 666 2428 in
692 2402 838 2428 extremo
863 2397 1013 2427 examine
1038 2395 1184 2426 districte
1210 2394 1377 2425 subiaceat
1403 2392 1526 2423 ultioni.

268 2458 316 2488 38.
354 2456 485 2487 Cunctis
516 2461 624 2488 autem
659 2458 764 2488 eidem
798 2458 867 2487 loco
897 2468 954 2487 sua
979 2457 1046 2487 iura
1073 2455 1279 2487 servantibus
1305 2455 1346 2485 sit
1371 2465 1432 2495 pax
1458 2454 1579 2484 domini
1606 2453 1704 2483 nostri
1732 2452 1804 2483 lesu

164 2508 294 2541 Christi.
319 2508 469 2549 quatinus
495 2512 525 2539 et
556 2508 606 2539 hie
632 2509 769 2539 fructum
797 2509 879 2539 bone
904 2508 1042 2538 actionis
1069 2508 1266 2548 percipiant.
1294 2510 1325 2536 et
1349 2505 1434 2546 apud
1460 2504 1641 2534 districtum
1667 2502 1804 2534 iudicem

161 2560 285 2601 premia
310 2562 420 2591 eterne
445 2561 533 2601 pacis
557 2560 731 2591 inveniant.

313 2629 358 2665 In
384 2631 472 2674 fine:

270 2696 319 2726 39.
355 2695 449 2730 Quod
482 2697 508 2726 si
542 2706 605 2726 non
636 2706 748 2726 omnes
780 2696 840 2726 hiis
867 2696 1068 2737 exequendis
1096 2696 1255 2726 interesse
1281 2694 1466 2736 potueritis.
1493 2693 1554 2723 duo
1582 2696 1721 2723 vestrum
1749 2689 1803 2730 [tu.

161 2747 260 2777 frat-er
285 2747 449 2788 episcope.
475 2758 545 2778 eum
571 2758 681 2778 eorum
707 2748 809 2778 altero
835 2747 900 2787 canl
927 2758 963 2778 ea
990 2747 1216 2778 nichilominus
1242 2748 1453 2786 exequantur.

264 2803 324 2828 am.
344 2804 421 2827 Pom.
442 2802 461 2827 1.
1574 2805 1599 2821 ιιι
